<?xml version="1.0" encoding="UTF-8"?>
<record>
  <leader>01136cam#a2200349#c#4500</leader>
  <controlfield tag="003">DE-605</controlfield>
  <controlfield tag="005">20230803155127.0</controlfield>
  <controlfield tag="007">tu</controlfield>
  <controlfield tag="008">010712|1997####xxk###########|||#|#eng#c</controlfield>
  <controlfield tag="001">990114098170206441</controlfield>
  <datafield tag="016" ind1="7" ind2=" ">
    <subfield code="a">832437787</subfield>
    <subfield code="2">OCoLC</subfield>
  </datafield>
  <datafield tag="020" ind1=" " ind2=" ">
    <subfield code="a">0195643712</subfield>
    <subfield code="9">0-19-564371-2</subfield>
  </datafield>
  <datafield tag="035" ind1=" " ind2=" ">
    <subfield code="a">(DE-605)HT013083243</subfield>
  </datafield>
  <datafield tag="040" ind1=" " ind2=" ">
    <subfield code="a">6</subfield>
    <subfield code="b">ger</subfield>
    <subfield code="c">292</subfield>
    <subfield code="e">aacr</subfield>
  </datafield>
  <datafield tag="041" ind1=" " ind2=" ">
    <subfield code="a">eng</subfield>
  </datafield>
  <datafield tag="044" ind1=" " ind2=" ">
    <subfield code="c">XA-GB</subfield>
  </datafield>
  <datafield tag="100" ind1="1" ind2=" ">
    <subfield code="a">Berkson, Carmel</subfield>
    <subfield code="a">HP02492147</subfield>
    <subfield code="4">aut</subfield>
  </datafield>
  <datafield tag="245" ind1="1" ind2="0">
    <subfield code="a">&lt;&lt;The&gt;&gt; divine and demoniac</subfield>
    <subfield code="b">Mahisa's heroic struggle with Durga</subfield>
    <subfield code="c">Carmel Berkson</subfield>
  </datafield>
  <datafield tag="264" ind1=" " ind2="1">
    <subfield code="a">Delhi [u.a.]</subfield>
    <subfield code="b">Oxford University Press</subfield>
    <subfield code="c">1997</subfield>
  </datafield>
  <datafield tag="300" ind1=" " ind2=" ">
    <subfield code="a">XIV, 318 S. : Ill.</subfield>
  </datafield>
  <datafield tag="490" ind1="0" ind2=" ">
    <subfield code="a">Oxford India paperbacks</subfield>
  </datafield>
  <datafield tag="689" ind1="0" ind2="0">
    <subfield code="a">Durga</subfield>
    <subfield code="D">p</subfield>
    <subfield code="0">(DE-588)118941143</subfield>
    <subfield code="0">https://portal.dnb.de/opac.htm?method=simpleSearch&amp;cqlMode=true&amp;query=idn=118941143</subfield>
    <subfield code="0">http://viaf.org/viaf/sourceID/DNB|118941143</subfield>
    <subfield code="B">GND-118941143</subfield>
  </datafield>
  <datafield tag="689" ind1="0" ind2="1">
    <subfield code="a">Mahiṣāsura</subfield>
    <subfield code="D">p</subfield>
    <subfield code="0">(DE-588)119064642</subfield>
    <subfield code="0">https://portal.dnb.de/opac.htm?method=simpleSearch&amp;cqlMode=true&amp;query=idn=119064642</subfield>
    <subfield code="0">http://viaf.org/viaf/sourceID/DNB|119064642</subfield>
    <subfield code="B">GND-119064642</subfield>
  </datafield>
  <datafield tag="689" ind1="0" ind2="2">
    <subfield code="a">Religionssoziologie</subfield>
    <subfield code="D">s</subfield>
    <subfield code="0">(DE-588)4049420-2</subfield>
    <subfield code="0">https://portal.dnb.de/opac.htm?method=simpleSearch&amp;cqlMode=true&amp;query=idn=040494209</subfield>
    <subfield code="0">http://viaf.org/viaf/sourceID/DNB|040494209</subfield>
  </datafield>
  <datafield tag="689" ind1="1" ind2="0">
    <subfield code="a">Hinduismus</subfield>
    <subfield code="D">s</subfield>
    <subfield code="0">(DE-588)4024955-4</subfield>
    <subfield code="0">https://portal.dnb.de/opac.htm?method=simpleSearch&amp;cqlMode=true&amp;query=idn=040249557</subfield>
    <subfield code="0">http://viaf.org/viaf/sourceID/DNB|040249557</subfield>
    <subfield code="B">GND-040249557</subfield>
  </datafield>
  <datafield tag="689" ind1="1" ind2="1">
    <subfield code="a">Religionssoziologie</subfield>
    <subfield code="D">s</subfield>
    <subfield code="0">(DE-588)4049420-2</subfield>
    <subfield code="0">https://portal.dnb.de/opac.htm?method=simpleSearch&amp;cqlMode=true&amp;query=idn=040494209</subfield>
    <subfield code="0">http://viaf.org/viaf/sourceID/DNB|040494209</subfield>
  </datafield>
  <datafield tag="035" ind1=" " ind2=" ">
    <subfield code="a">(OCoLC)832437787</subfield>
  </datafield>
  <datafield tag="964" ind1="0" ind2="s">
    <subfield code="F">030</subfield>
    <subfield code="A">a|1ukz|z|||17</subfield>
  </datafield>
  <datafield tag="964" ind1="0" ind2="s">
    <subfield code="F">050</subfield>
    <subfield code="A">a|a|||||||||||</subfield>
  </datafield>
  <datafield tag="964" ind1="0" ind2="s">
    <subfield code="F">051</subfield>
    <subfield code="A">s|||||||</subfield>
  </datafield>
  <datafield tag="500" ind1=" " ind2=" ">
    <subfield code="a">Originally published: 1995</subfield>
    <subfield code="9">F:501</subfield>
  </datafield>
  <datafield tag="035" ind1=" " ind2=" ">
    <subfield code="a">(DE-599)HBZHT013083243</subfield>
  </datafield>
  <datafield tag="MBD" ind1=" " ind2=" ">
    <subfield code="M">49HBZ_NETWORK</subfield>
    <subfield code="i">990114098170206441</subfield>
    <subfield code="n">HBZ Network</subfield>
  </datafield>
  <datafield tag="MBD" ind1=" " ind2=" ">
    <subfield code="M">49HBZ_ULM</subfield>
    <subfield code="i">991035385619706449</subfield>
    <subfield code="n">Universität Münster</subfield>
  </datafield>
  <datafield tag="MNG" ind1=" " ind2=" ">
    <subfield code="c">System</subfield>
    <subfield code="f">ILS</subfield>
    <subfield code="i">marc21</subfield>
    <subfield code="k">01</subfield>
    <subfield code="e">false</subfield>
    <subfield code="d">2023-08-03 15:51:27 Europe/Berlin</subfield>
    <subfield code="g">011409817-HBZ01</subfield>
    <subfield code="j">60</subfield>
    <subfield code="a">import</subfield>
    <subfield code="b">2021-04-05 09:25:11 Europe/Berlin</subfield>
  </datafield>
  <datafield tag="H52" ind1="8" ind2=" ">
    <subfield code="b">KATH</subfield>
    <subfield code="c">KATH_BIB</subfield>
    <subfield code="h">FiR:G/V-4</subfield>
    <subfield code="8">22507172550006449</subfield>
  </datafield>
  <datafield tag="HOL" ind1=" " ind2=" ">
    <subfield code="b">2022-07-11 09:05:01</subfield>
    <subfield code="8">22507172550006449</subfield>
    <subfield code="M">49HBZ_ULM</subfield>
    <subfield code="g">false</subfield>
    <subfield code="a">import</subfield>
  </datafield>
  <datafield tag="ITM" ind1=" " ind2=" ">
    <subfield code="H">22507172550006449</subfield>
    <subfield code="x">KATH_BIB</subfield>
    <subfield code="f">BOOK</subfield>
    <subfield code="v">KATH_BIB</subfield>
    <subfield code="X">AMO_TL2_FIX</subfield>
    <subfield code="U">2022-07-10 12:59:00 Europe/Berlin</subfield>
    <subfield code="Y">2022-07-12 13:10:54 Europe/Berlin</subfield>
    <subfield code="h">false</subfield>
    <subfield code="Q">SISIS-Ausleihzähler Migrationsjahr: 0 | SISIS-Ausleihzähler Vor-Migrationsjahr: 0 | SISIS-Ausleihzähler vorletztes Migrationsjahr: 0</subfield>
    <subfield code="M">49HBZ_ULM</subfield>
    <subfield code="s">1</subfield>
    <subfield code="d">8</subfield>
    <subfield code="V">import</subfield>
    <subfield code="b">Z31-050265</subfield>
    <subfield code="O">Fernleihkonditionen: 3</subfield>
    <subfield code="a">23507172540006449</subfield>
    <subfield code="R">DBS-Systematik: 0</subfield>
    <subfield code="c">FiR:G/V-4</subfield>
    <subfield code="W">2022-07-11 11:05:01 Europe/Berlin</subfield>
    <subfield code="u">KATH</subfield>
    <subfield code="w">KATH</subfield>
  </datafield>
  <datafield tag="GSI" ind1="7" ind2=" ">
    <subfield code="a">4024955-4</subfield>
    <subfield code="0">http://d-nb.info/gnd/4024955-4</subfield>
    <subfield code="2">gnd</subfield>
    <subfield code="A">GND</subfield>
    <subfield code="B">GND-040249557</subfield>
    <subfield code="C">024</subfield>
  </datafield>
  <datafield tag="GPN" ind1="0" ind2=" ">
    <subfield code="a">Mahishasura</subfield>
    <subfield code="A">GND</subfield>
    <subfield code="B">GND-119064642</subfield>
    <subfield code="C">400</subfield>
  </datafield>
  <datafield tag="GPN" ind1="0" ind2=" ">
    <subfield code="a">Mahishasur</subfield>
    <subfield code="A">GND</subfield>
    <subfield code="B">GND-119064642</subfield>
    <subfield code="C">400</subfield>
  </datafield>
  <datafield tag="GSI" ind1="7" ind2=" ">
    <subfield code="a">119064642</subfield>
    <subfield code="0">http://d-nb.info/gnd/119064642</subfield>
    <subfield code="2">gnd</subfield>
    <subfield code="A">GND</subfield>
    <subfield code="B">GND-119064642</subfield>
    <subfield code="C">024</subfield>
  </datafield>
  <datafield tag="GSI" ind1="7" ind2=" ">
    <subfield code="a">http://d-nb.info/gnd/118941143</subfield>
    <subfield code="2">uri</subfield>
    <subfield code="A">GND</subfield>
    <subfield code="B">GND-118941143</subfield>
    <subfield code="C">024</subfield>
  </datafield>
  <datafield tag="GST" ind1=" " ind2=" ">
    <subfield code="a">Religion</subfield>
    <subfield code="x">Soziologie</subfield>
    <subfield code="A">GND</subfield>
    <subfield code="B">GND-040494209</subfield>
    <subfield code="C">450</subfield>
  </datafield>
  <datafield tag="GSI" ind1="7" ind2=" ">
    <subfield code="a">4049420-2</subfield>
    <subfield code="0">http://d-nb.info/gnd/4049420-2</subfield>
    <subfield code="2">gnd</subfield>
    <subfield code="A">GND</subfield>
    <subfield code="B">GND-040494209</subfield>
    <subfield code="C">024</subfield>
  </datafield>
</record>
